<?xml version="1.0" encoding="UTF-8"?><collection xmlns="http://www.loc.gov/MARC21/slim"><record><leader>00471nam--2200181-u-4500</leader><controlfield tag="001">000051332</controlfield><controlfield tag="002">20161230</controlfield><controlfield tag="005">20161230201049</controlfield><controlfield tag="008">080623s1000------------r-----000-0-eng-d</controlfield><datafield ind1=" " ind2=" " tag="020"><subfield code="a">0387952756</subfield></datafield><datafield ind1=" " ind2=" " tag="040"><subfield code="a">IFIN-HH</subfield></datafield><datafield ind1=" " ind2=" " tag="080"><subfield code="a">(539.12:531.111.4).53.06</subfield></datafield><datafield ind1="1" ind2=" " tag="100"><subfield code="a">Eringen,Cemal A</subfield></datafield><datafield ind1="1" ind2="0" tag="245"><subfield code="a">Nonlocal continuum field theories</subfield><subfield code="c">A. cemal eringen</subfield></datafield><datafield ind1=" " ind2=" " tag="260"><subfield code="a">New York</subfield><subfield code="b">Springer</subfield><subfield code="c">2002</subfield></datafield><datafield ind1=" " ind2=" " tag="300"><subfield code="a">376 p</subfield></datafield><datafield ind1=" " ind2=" " tag="852"><subfield code="a">82046</subfield><subfield code="c">530.1</subfield></datafield><datafield ind1=" " ind2=" " tag="CAT"><subfield code="a">Sys</subfield><subfield code="c">20121026</subfield><subfield code="h">140643</subfield></datafield></record></collection>